% Encoding: UTF-8

@Article{herndon2014does,
  author    = {Herndon, Thomas and Ash, Michael and Pollin, Robert},
  title     = {Does high public debt consistently stifle economic growth? A critique of Reinhart and Rogoff},
  journal   = {Cambridge journal of economics},
  year      = {2014},
  volume    = {38},
  number    = {2},
  pages     = {257--279},
  publisher = {Oxford University Press},
}

@Article{reinhartrogoffAER2010,
  author  = {Reinhart, Carmen M. and Rogoff, Kenneth S.},
  title   = {Growth in a Time of Debt},
  journal = {American Economic Review},
  year    = {2010},
  volume  = {100},
  number  = {2},
  pages   = {573-78},
  month   = {May},
  doi     = {10.1257/aer.100.2.573},
  url     = {http://www.aeaweb.org/articles?id=10.1257/aer.100.2.573},
}

@TechReport{reinhart2010growth,
  author      = {Reinhart, Carmen M and Rogoff, Kenneth S},
  title       = {Growth in a Time of Debt},
  institution = {National Bureau of Economic Research},
  year        = {2010},
}

@TechReport{gentzkow2014code,
  author  = {Gentzkow, Matthew and Shapiro, Jesse M},
  title   = {Code and data for the social sciences: A practitioner’s guide},
  year    = {2014},
  journal = {University of Chicago mimeo. Last updated January},
}

@Article{eberhardt2015public,
  author    = {Eberhardt, Markus and Presbitero, Andrea F},
  title     = {Public debt and growth: Heterogeneity and non-linearity},
  journal   = {Journal of International Economics},
  year      = {2015},
  volume    = {97},
  number    = {1},
  pages     = {45--58},
  publisher = {Elsevier},
}

@Article{panizza2014public,
  author    = {Panizza, Ugo and Presbitero, Andrea F},
  title     = {Public debt and economic growth: is there a causal effect?},
  journal   = {Journal of Macroeconomics},
  year      = {2014},
  volume    = {41},
  pages     = {21--41},
  publisher = {Elsevier},
}

@Article{baker20161,
  author  = {Baker, Monya},
  title   = {1,500 scientists lift the lid on reproducibility},
  journal = {Nature},
  year    = {2016},
  volume  = {533},
  number  = {7604},
  pages   = {452--454},
}

@Article{hoffler2017replication,
  author  = {H{\"o}ffler, Jan H},
  title   = {Replication and Economics Journal Policies},
  journal = {American Economic Review},
  year    = {2017},
  volume  = {107},
  number  = {5},
  pages   = {52--55},
}

@Article{ball2012teaching,
  author    = {Ball, Richard and Medeiros, Norm},
  title     = {Teaching integrity in empirical research: A protocol for documenting data management and analysis},
  journal   = {The Journal of Economic Education},
  year      = {2012},
  volume    = {43},
  number    = {2},
  pages     = {182--189},
  publisher = {Taylor \& Francis},
}

@Article{abbas2011historical,
  author    = {Abbas, SM Ali and Belhocine, Nazim and El-Ganainy, Asmaa and Horton, Mark},
  title     = {Historical patterns and dynamics of public debt—evidence from a new database},
  journal   = {IMF Economic Review},
  year      = {2011},
  volume    = {59},
  number    = {4},
  pages     = {717--742},
  publisher = {Springer},
}

@Comment{jabref-meta: databaseType:bibtex;}
